@book{tatarkiewicz1960historia,
  title={Historia estetyki},
  author={Tatarkiewicz, Wladyslaw},
  year={1960}
}

@book{bruyne1947esthetique,
  title={L'esth{\'e}tique du Moyen Age},
  author={De Bruyne, Edgar},
  year={1947}
}

@book{eco1958estetica,
  title={Sviluppo dell'estetica medievale},
  author={Eco, Umberto},
  year={1958},
  publisher={Marzorati editore}
}

@book{filon1994gaj,
  title={Против Флакка; О посольстве к Гаю},
  author={Александрийский, Филон and Вдовиченко, А В and Флавий, Иосиф and Левинская, О Л},
  year={1994},
  publisher={Еврейский университет в Москве}
}